<record><leader>00000cas a2200000 a 4500</leader><controlfield tag="001">11057814</controlfield><controlfield tag="008">840815d18901895mtudn ne      0    0eng c</controlfield><datafield ind1=" " ind2=" " tag="010"><subfield code="a">sn 84036146 </subfield></datafield><datafield ind1=" " ind2=" " tag="040"><subfield code="a">MTL</subfield><subfield code="b">eng</subfield><subfield code="c">MTL</subfield><subfield code="d">DLC</subfield><subfield code="d">OCLCQ</subfield></datafield><datafield ind1=" " ind2=" " tag="042"><subfield code="a">pcc</subfield></datafield><datafield ind1=" " ind2=" " tag="043"><subfield code="a">n-us-mt</subfield></datafield><datafield ind1="0" ind2="0" tag="050"><subfield code="a">Newspaper</subfield></datafield><datafield ind1="0" ind2=" " tag="130"><subfield code="a">Helena herald (Helena, Mont. : 1890)</subfield></datafield><datafield ind1="1" ind2="0" tag="245"><subfield code="a">Helena herald.</subfield></datafield><datafield ind1="1" ind2="3" tag="246"><subfield code="a">Daily herald</subfield></datafield><datafield ind1="1" ind2="7" tag="246"><subfield code="a">Helena daily herald</subfield></datafield><datafield ind1=" " ind2=" " tag="260"><subfield code="a">Helena, Mont. :</subfield><subfield code="b">Fisk Bros.,</subfield><subfield code="c">1890-1895.</subfield></datafield><datafield ind1=" " ind2=" " tag="300"><subfield code="a">7 v. :</subfield><subfield code="b">ill. ;</subfield><subfield code="c">60 cm.</subfield></datafield><datafield ind1=" " ind2=" " tag="310"><subfield code="a">Daily (except Sunday)</subfield></datafield><datafield ind1="0" ind2=" " tag="362"><subfield code="a">Vol. 47, no. 55 (Oct. 6, 1890)-v. 54, no. 262 (June 6, 1895).</subfield></datafield><datafield ind1=" " ind2=" " tag="500"><subfield code="a">"The pioneer daily of Montana."</subfield></datafield><datafield ind1=" " ind2=" " tag="500"><subfield code="a">"First Republican newspaper in Montana."</subfield></datafield><datafield ind1=" " ind2=" " tag="530"><subfield code="a">Also issued on microfilm from the Library of Congress, Photoduplication Service.</subfield></datafield><datafield ind1=" " ind2=" " tag="752"><subfield code="a">United States</subfield><subfield code="b">Montana</subfield><subfield code="c">Lewis and Clark</subfield><subfield code="d">Helena.</subfield></datafield><datafield ind1="0" ind2=" " tag="775"><subfield code="t">Helena weekly herald</subfield><subfield code="w">(DLC)sn 84036143</subfield></datafield><datafield ind1="0" ind2="0" tag="780"><subfield code="t">Helena daily herald</subfield><subfield code="w">(DLC)sn 84036145</subfield></datafield><datafield ind1="0" ind2="0" tag="785"><subfield code="t">Helena evening herald</subfield><subfield code="w">(DLC)sn 84036147</subfield></datafield><datafield ind1="1" ind2=" " tag="029"><subfield code="a">AU@</subfield><subfield code="b">000025810264</subfield></datafield></record>